@article{gliklich2014registries,
  title="{Registries for evaluating patient outcomes: a User's guide [Internet]}",
  author={Gliklich, Richard E and Dreyer, Nancy A and Leavy, Michelle B},
  year={2014},
  publisher={Agency for Healthcare Research and Quality (US)}
}

@book{burgess2011new,
  title={New principles of best practice in clinical audit},
  author={Burgess, Robin},
  year={2011},
  publisher={Radcliffe Publishing}
}

@article{party2015sentinel,
  title={{Sentinel Stroke National Audit Programme (SSNAP)}},
  author={Party, Intercollegiate Stroke Working},
  journal={London: Royal College of Physcians},
  year={2015}
}

@article{parry2016care,
  title={{Care-limiting decisions in acute stroke and association with survival: analyses of {UK} national quality register data}},
  author={Parry-Jones, Adrian R and Paley, Lizz and Bray, Benjamin D and Hoffman, Alex M and James, Martin and Cloud, Geoffrey C and Tyrrell, Pippa J and Rudd, Anthony G and SSNAP Collaborative Group},
  journal={International Journal of Stroke},
  volume={11},
  number={3},
  pages={321--331},
  year={2016},
  publisher={SAGE Publications Sage UK: London, England}
}

@article{bray2018socioeconomic,
  title={Socioeconomic disparities in first stroke incidence, quality of care, and survival: a nationwide registry-based cohort study of 44 million adults in England},
  author={Bray, Benjamin D and Paley, Lizz and Hoffman, Alex and James, Martin and Gompertz, Patrick and Wolfe, Charles DA and Hemingway, Harry and Rudd, Anthony G and SSNAP Collaboration},
  journal={The Lancet Public Health},
  volume={3},
  number={4},
  pages={e185--e193},
  year={2018},
  publisher={Elsevier}
}

@article{bray2016weekly,
  title={Weekly variation in health-care quality by day and time of admission: a nationwide, registry-based, prospective cohort study of acute stroke care},
  author={Bray, Benjamin D and Cloud, Geoffrey C and James, Martin A and Hemingway, Harry and Paley, Lizz and Stewart, Kevin and Tyrrell, Pippa J and Wolfe, Charles DA and Rudd, Anthony G and SSNAP collaboration},
  journal={The Lancet},
  volume={388},
  number={10040},
  pages={170--177},
  year={2016},
  publisher={Elsevier}
}

@article{emberson2014effect,
  title={Effect of treatment delay, age, and stroke severity on the effects of intravenous thrombolysis with alteplase for acute ischaemic stroke: a meta-analysis of individual patient data from randomised trials},
  author={Emberson, Jonathan and Lees, Kennedy R. and Lyden, Patrick and Blackwell, Lisa and Albers, Gregory and Bluhmki, Erich and Brott, Thomas and Cohen, Geoff and Davis, Stephen and Donnan, Geoffrey and Grotta, James and Howard, George and Kaste, Markku and Koga, Masatoshi and Von Kummer, Ruediger and Lansberg, Maarten and Lindley, Richard I. and Murray, Gordon and Olivot, Jean Marc and Parsons, Mark and Tilley, Barbara and Toni, Danilo and Toyoda, Kazunori and Wahlgren, Nils and Wardlaw, Joanna and Whiteley, William and Del Zoppo, Gregory J. and Baigent, Colin and Sandercock, Peter and Hacke, Werner},
  journal={The Lancet},
  volume={384},
  number={9958},
  pages={1929--1935},
  year={2014},
  publisher={Elsevier}
}

@INPROCEEDINGS{platt1999probabilistic,
    author = {John C. Platt},
    title = {{Probabilistic Outputs for Support Vector Machines and Comparisons to Regularized Likelihood Methods}},
    booktitle = {Advance in Large Margin Classifiers},
    year = {1999},
    pages = {61--74},
    volume={10},
    number={3},
    publisher = {MIT Press}
}



@article{pedregosa2011scikit,
  title={{Scikit-learn: Machine learning in Python}},
  author={Pedregosa, Fabian and Varoquaux, Ga{\"e}l and Gramfort, Alexandre and Michel, Vincent and Thirion, Bertrand and Grisel, Olivier and Blondel, Mathieu and Prettenhofer, Peter and Weiss, Ron and Dubourg, Vincent and Vanderplas, Jake and Passos, Alexandre and Cournapeau, David and Brucher, Matthieu and Perrot, Matthieu and Duchesnay, {\'E}douard},
  journal={Journal of Machine Learning Research},
  volume={12},
  pages={2825--2830},
  year={2011},
  publisher={JMLR. org}
}

@incollection{NIPS2017_7062,
title = {{A Unified Approach to Interpreting Model Predictions}},
author = {Lundberg, Scott M and Lee, Su-In},
booktitle = {Advances in Neural Information Processing Systems 30},
editor = {I. Guyon and U. von Luxburg and S. Bengio and H. Wallach and R. Fergus and S. Vishwanathan and R. Garnett},
pages = {4765--4774},
year = {2017},
publisher = {Curran Associates, Inc.},
url = {http://papers.nips.cc/paper/7062-a-unified-approach-to-interpreting-model-predictions.pdf}
}


@article{ekins2019exploiting,
  title={Exploiting machine learning for end-to-end drug discovery and development},
  author={Ekins, Sean and Puhl, Ana C and Zorn, Kimberley M and Lane, Thomas R and Russo, Daniel P and Klein, Jennifer J and Hickey, Anthony J and Clark, Alex M},
  journal={Nature materials},
  volume={18},
  number={5},
  pages={435--441},
  year={2019},
  publisher={Nature Publishing Group}
}

@article{cammarota2020gut,
  title={Gut microbiome, big data and machine learning to promote precision medicine for cancer},
  author={Cammarota, Giovanni and Ianiro, Gianluca and Ahern, Anna and Carbone, Carmine and Temko, Andriy and Claesson, Marcus J and Gasbarrini, Antonio and Tortora, Giampaolo},
  journal={Nature reviews gastroenterology \& hepatology},
  volume={17},
  number={10},
  pages={635--648},
  year={2020},
  publisher={Nature Publishing Group}
}

@article{peiffer2020machine,
  title={Machine learning for clinical decision support in infectious diseases: a narrative review of current applications},
  author={Peiffer-Smadja, Nathan and Rawson, Timothy Miles and Ahmad, Raheelah and Buchard, Albert and Georgiou, P and Lescure, F-X and Birgand, Gabriel and Holmes, Alison Helen},
  journal={Clinical Microbiology and Infection},
  volume={26},
  number={5},
  pages={584--595},
  year={2020},
  publisher={Elsevier}
}

@article{buchlak2020machine,
  title={Machine learning applications to clinical decision support in neurosurgery: an artificial intelligence augmented systematic review},
  author={Buchlak, Quinlan D and Esmaili, Nazanin and Leveque, Jean-Christophe and Farrokhi, Farrokh and Bennett, Christine and Piccardi, Massimo and Sethi, Rajiv K},
  journal={Neurosurgical review},
  volume={43},
  number={5},
  pages={1235--1253},
  year={2020},
  publisher={Springer}
}

@article{olsen2020clinical,
  title={Clinical applications of machine learning in the diagnosis, classification, and prediction of heart failure},
  author={Olsen, Cameron R and Mentz, Robert J and Anstrom, Kevin J and Page, David and Patel, Priyesh A},
  journal={American Heart Journal},
  year={2020},
  publisher={Elsevier}
}

@article{lee2020machine,
  title={Machine learning approach to identify stroke within 4.5 hours},
  author={Lee, Hyunna and Lee, Eun-Jae and Ham, Sungwon and Lee, Han-Bin and Lee, Ji Sung and Kwon, Sun U and Kim, Jong S and Kim, Namkug and Kang, Dong-Wha},
  journal={Stroke},
  volume={51},
  number={3},
  pages={860--866},
  year={2020},
  publisher={Am Heart Assoc}
}

@article{breiman2001random,
  title={Random forests},
  author={Breiman, Leo},
  journal={Machine Learning},
  volume={45},
  number={1},
  pages={5--32},
  year={2001},
  publisher={Springer}
}

@article{de2018factors,
  title={Factors that influence cliniciansâ€™ decisions to offer intravenous alteplase in acute ischemic stroke patients with uncertain treatment indication: Results of a discrete choice experiment},
  author={De Br{\'u}n, Aoife and Flynn, Darren and Ternent, Laura and Price, Christopher I and Rodgers, Helen and Ford, Gary A and Rudd, Matthew and Lancsar, Emily and Simpson, Stephen and Teah, John and Thomson, Richard G},
  journal={International Journal of Stroke},
  volume={13},
  number={1},
  pages={74--82},
  year={2018},
  publisher={SAGE Publications Sage UK: London, England}
}

@misc{samuelbook,
    author = {Allen, Michael and James, Charlotte and Frost, Julia and Liabo, Kristin and Pearn, Kerry and Monks, Tom and Zhelev, Zhivko and Logan, Stuart and Everson, Richard and James, Martin and Stein, Ken},
    title = "{Stroke Audit Machine Learning (SAMueL): Use of simulation and machine learning to identify key levers for maximising the disability benefit of intravenous thrombolysis in acute stroke pathways}",
    note = {DOI: 10.5281/zenodo.5078131.  \url{https://samuel-book.github.io/samuel-1/}},
}

@article{carter-jones_stroke_2011,
	title = {Stroke thrombolysis: {Barriers} to implementation},
	volume = {19},
	issn = {1878-013X},
	shorttitle = {Stroke thrombolysis},
	language = {eng},
	number = {1},
	journal = {International Emergency Nursing},
	author = {Carter-Jones, Clare R.},
	month = jan,
	year = {2011},
	pmid = {21193168},
	keywords = {Humans, Time Factors, Stroke, Triage, Diffusion of Innovation, Thrombolytic Therapy, Health Services Needs and Demand, Emergency Nursing, Emergency Service, Hospital, United Kingdom, Efficiency, Organizational, Emergency Treatment, Evidence-Based Emergency Medicine, Health Education, Patient Selection, Personnel, Hospital},
	pages = {53--57},
	file = {Carter-Jones - 2011 - Stroke thrombolysis Barriers to implementation.pdf:/home/michael/Dropbox/04_Zotero_database/storage/UM98NGRR/Carter-Jones - 2011 - Stroke thrombolysis Barriers to implementation.pdf:application/pdf},
}

@article{brott1989measurements,
  title={Measurements of acute cerebral infarction: a clinical examination scale.},
  author={Brott, Thomas and Adams Jr, Harold P and Olinger, Charles P and Marler, John R and Barsan, William G and Biller, Jose and Spilker, Judith and Holleran, Renee and Eberle, Robert and Hertzberg, Vicki},
  journal={Stroke},
  volume={20},
  number={7},
  pages={864--870},
  year={1989},
  publisher={Am Heart Assoc}
}

@article{kuhrij2018dutch,
  title={The Dutch acute stroke audit: benchmarking acute stroke care in the Netherlands},
  author={Kuhrij, Laurien S and Wouters, Michel WJM and van den Berg-Vos, Renske M and de Leeuw, Frank-Erik and Nederkoorn, Paul J},
  journal={European stroke journal},
  volume={3},
  number={4},
  pages={361--368},
  year={2018},
  publisher={SAGE Publications Sage UK: London, England}
}

@article{thomalla2020intravenous,
  title={Intravenous alteplase for stroke with unknown time of onset guided by advanced imaging: systematic review and meta-analysis of individual patient data},
  author={Thomalla, G{\"o}tz and Boutitie, Florent and Ma, Henry and Koga, Masatoshi and Ringleb, Peter and Schwamm, Lee H and Wu, Ona and Bendszus, Martin and Bladin, Christopher F and Campbell, Bruce CV and others},
  journal={The Lancet},
  volume={396},
  number={10262},
  pages={1574--1584},
  year={2020},
  publisher={Elsevier}
}

@article{tissue1995national,
  title={The national institute of neurological disorders and stroke rt-pa stroke study group},
  author={Tissue Plasminogen Activator for Acute Ischemic Stroke},
  journal={N Engl J Med},
  volume={333},
  number={24},
  pages={1581--1587},
  year={1995}
}